<record><leader>00000cas a22000007a 4500</leader><controlfield tag="001">14510658</controlfield><controlfield tag="008">861023c19709999cauwr ne      0    0eng d</controlfield><datafield ind1=" " ind2=" " tag="010"><subfield code="a">sn 86076431 </subfield></datafield><datafield ind1=" " ind2=" " tag="040"><subfield code="a">NNX</subfield><subfield code="b">eng</subfield><subfield code="c">NNX</subfield><subfield code="d">CNK</subfield><subfield code="d">OCLCQ</subfield><subfield code="d">OCLCF</subfield><subfield code="d">OCLCO</subfield></datafield><datafield ind1="1" ind2=" " tag="029"><subfield code="a">AU@</subfield><subfield code="b">000025805287</subfield></datafield><datafield ind1=" " ind2=" " tag="042"><subfield code="a">msc</subfield></datafield><datafield ind1=" " ind2=" " tag="043"><subfield code="a">n-us-ca</subfield></datafield><datafield ind1="0" ind2="0" tag="245"><subfield code="a">Tahoe world.</subfield></datafield><datafield ind1=" " ind2=" " tag="260"><subfield code="a">Tahoe City, Calif. :</subfield><subfield code="b">Tahoe World Pub. Co.,</subfield><subfield code="c">1970-</subfield></datafield><datafield ind1=" " ind2=" " tag="300"><subfield code="a">v. :</subfield><subfield code="b">ill.</subfield></datafield><datafield ind1=" " ind2=" " tag="310"><subfield code="a">Weekly,</subfield><subfield code="b">May 5, 1983-</subfield></datafield><datafield ind1=" " ind2=" " tag="321"><subfield code="a">Weekly,</subfield><subfield code="b">Apr. 24, 1970-May 8, 1980</subfield></datafield><datafield ind1=" " ind2=" " tag="321"><subfield code="a">Semiweekly,</subfield><subfield code="b">May 14, 1980-Apr. 29, 1983</subfield></datafield><datafield ind1="0" ind2=" " tag="362"><subfield code="a">Vol. 8, no. 348 (Apr. 24, 1970)-</subfield></datafield><datafield ind1=" " ind2="0" tag="651"><subfield code="a">Tahoe City (Calif.)</subfield><subfield code="v">Newspapers.</subfield></datafield><datafield ind1=" " ind2="7" tag="655"><subfield code="a">Newspapers.</subfield><subfield code="2">fast</subfield><subfield code="0">(OCoLC)fst01423814</subfield></datafield><datafield ind1=" " ind2="7" tag="651"><subfield code="a">California</subfield><subfield code="z">Tahoe City.</subfield><subfield code="2">fast</subfield><subfield code="0">(OCoLC)fst01212453</subfield></datafield><datafield ind1=" " ind2=" " tag="752"><subfield code="a">United States</subfield><subfield code="b">California</subfield><subfield code="c">Placer</subfield><subfield code="d">Tahoe City.</subfield></datafield><datafield ind1="0" ind2="4" tag="780"><subfield code="t">Tahoe City world</subfield><subfield code="w">(DLC)sn 86076430</subfield><subfield code="w">(OCoLC)14510586</subfield></datafield><datafield ind1="0" ind2="4" tag="780"><subfield code="t">North Tahoe world</subfield><subfield code="w">(DLC)sn 86076079</subfield></datafield></record>